@inproceedings{agarwalManyShotInContextLearning2024a,
  title = {Many-{{Shot In-Context Learning}}},
  booktitle = {Advances in {{Neural Information Processing Systems}}},
  author = {Agarwal, Rishabh and Singh, Avi and Zhang, Lei and Bohnet, Bernd and Rosias, Luis and Chan, Stephanie and Zhang, Biao and Anand, Ankesh and Abbas, Zaheer and Nova, Azade and {Co-Reyes}, John D. and Chu, Eric and Behbahani, Feryal and Faust, Aleksandra and Larochelle, Hugo},
  year = {2024},
  month = dec,
  volume = {37},
  pages = {76930--76966},
  url = {https://proceedings.neurips.cc/paper\_files/paper/2024/hash/8cb564df771e9eacbfe9d72bd46a24a9-Abstract-Conference.html},
  urldate = {2025-04-03},
  langid = {english}
}

@article{akarslanEffectsTeachingWord2019,
  title = {The Effects of Teaching Word Roots on the Long Term Retention of {{English}} Vocabulary},
  author = {Akarslan, Kenan and Bedir, Hasan},
  year = {2019},
  month = feb,
  journal = {International Journal of Educational Spectrum},
  volume = {1},
  number = {1},
  pages = {1--11},
  publisher = {Hakan ULUM},
  issn = {2667-5870},
  url = {https://dergipark.org.tr/en/pub/ijesacademic/issue/46914/588145},
  urldate = {2024-11-01},
  langid = {english}
}

@article{altarribaConcretenessContextAvailability1999,
  title = {Concreteness, Context Availability, and Imageability Ratings and Word Associations for Abstract, Concrete, and Emotion Words},
  author = {Altarriba, Jeanette and Bauer, Lisa M. and Benvenuto, Claudia},
  year = {1999},
  month = dec,
  journal = {Behavior Research Methods, Instruments, \& Computers},
  volume = {31},
  number = {4},
  pages = {578--602},
  issn = {1532-5970},
  doi = {10.3758/BF03200738},
  url = {https://doi.org/10.3758/BF03200738},
  urldate = {2024-12-14},
  langid = {english},
  keywords = {Ecstasy,Emotion Word,Journal ofExperimental Psychology,Stimulus Word,Word Type}
}

@article{atkinsonApplicationMnemonicKeyword1975,
  title = {An Application of the Mnemonic Keyword Method to the Acquisition of a {{Russian}} Vocabulary},
  author = {Atkinson, Richard C. and Raugh, Michael R.},
  year = {1975},
  journal = {Journal of Experimental Psychology: Human Learning and Memory},
  volume = {1},
  number = {2},
  pages = {126--133},
  publisher = {American Psychological Association},
  address = {US},
  issn = {0096-1515},
  doi = {10.1037/0278-7393.1.2.126},
  keywords = {Foreign Language Learning,Mnemonic Learning,Teaching Methods,Vocabulary}
}

@article{avilaExploringNewApplications1996,
  title = {Exploring {{New Applications}} of the {{Keyword Method}} to {{Acquire English Vocabulary}}},
  author = {Avila, Enrique and Sadoski, Mark},
  year = {1996},
  journal = {Language Learning},
  volume = {46},
  number = {3},
  pages = {379--395},
  issn = {1467-9922},
  doi = {10.1111/j.1467-1770.1996.tb01241.x},
  url = {https://onlinelibrary.wiley.com/doi/abs/10.1111/j.1467-1770.1996.tb01241.x},
  urldate = {2024-11-02},
  copyright = {{\copyright} 1996 Language Learning Research Club, University of Michigan},
  langid = {english}
}

@inproceedings{BalepurSMART2024,
  title = {A {{SMART Mnemonic Sounds}} like ``{{Glue Tonic}}'': {{Mixing LLMs}} with {{Student Feedback}} to {{Make Mnemonic Learning Stick}}},
  shorttitle = {A {{SMART Mnemonic Sounds}} like ``{{Glue Tonic}}''},
  booktitle = {Proceedings of the 2024 {{Conference}} on {{Empirical Methods}} in {{Natural Language Processing}}},
  author = {Balepur, Nishant and Shu, Matthew and Hoyle, Alexander and Robey, Alison and Feng, Shi and {Goldfarb-Tarrant}, Seraphina and {Boyd-Graber}, Jordan Lee},
  editor = {{Al-Onaizan}, Yaser and Bansal, Mohit and Chen, Yun-Nung},
  year = {2024},
  month = nov,
  pages = {14202--14225},
  publisher = {Association for Computational Linguistics},
  address = {Miami, Florida, USA},
  doi = {10.18653/v1/2024.emnlp-main.786},
  url = {https://aclanthology.org/2024.emnlp-main.786/},
  urldate = {2025-04-07}
}

@misc{BespokeLabBESPOKE2025,
  title = {Bespoke {{Lab Curator}}},
  author = {{Bespoke Lab}},
  year = {2025},
  month = apr,
  url = {https://docs.bespokelabs.ai/bespoke-curator/getting-started},
  urldate = {2025-04-05},
  howpublished = {bespokelabs.ai}
}

@inproceedings{BlevinsLANGUAGE2022b,
  title = {Language {{Contamination Helps Explains}} the {{Cross-lingual Capabilities}} of {{English Pretrained Models}}},
  booktitle = {Proceedings of the 2022 {{Conference}} on {{Empirical Methods}} in {{Natural Language Processing}}},
  author = {Blevins, Terra and Zettlemoyer, Luke},
  editor = {Goldberg, Yoav and Kozareva, Zornitsa and Zhang, Yue},
  year = {2022},
  month = dec,
  pages = {3563--3574},
  publisher = {Association for Computational Linguistics},
  address = {Abu Dhabi, United Arab Emirates},
  doi = {10.18653/v1/2022.emnlp-main.233},
  url = {https://aclanthology.org/2022.emnlp-main.233/},
  urldate = {2025-04-06}
}

@inproceedings{brownLanguageModelsAre2020a,
  title = {Language {{Models}} Are {{Few-Shot Learners}}},
  booktitle = {Advances in {{Neural Information Processing Systems}}},
  author = {Brown, Tom and Mann, Benjamin and Ryder, Nick and Subbiah, Melanie and Kaplan, Jared D and Dhariwal, Prafulla and Neelakantan, Arvind and Shyam, Pranav and Sastry, Girish and Askell, Amanda and Agarwal, Sandhini and {Herbert-Voss}, Ariel and Krueger, Gretchen and Henighan, Tom and Child, Rewon and Ramesh, Aditya and Ziegler, Daniel and Wu, Jeffrey and Winter, Clemens and Hesse, Chris and Chen, Mark and Sigler, Eric and Litwin, Mateusz and Gray, Scott and Chess, Benjamin and Clark, Jack and Berner, Christopher and McCandlish, Sam and Radford, Alec and Sutskever, Ilya and Amodei, Dario},
  year = {2020},
  volume = {33},
  pages = {1877--1901},
  publisher = {Curran Associates, Inc.},
  url = {https://papers.nips.cc/paper/2020/hash/1457c0d6bfcb4967418bfb8ac142f64a-Abstract.html},
  urldate = {2025-04-04}
}

@article{brysbaertConcretenessRatings402014,
  title = {Concreteness Ratings for 40 Thousand Generally Known {{English}} Word Lemmas},
  author = {Brysbaert, Marc and Warriner, Amy Beth and Kuperman, Victor},
  year = {2014},
  month = sep,
  journal = {Behavior Research Methods},
  volume = {46},
  number = {3},
  pages = {904--911},
  issn = {1554-3528},
  doi = {10.3758/s13428-013-0403-5},
  url = {https://doi.org/10.3758/s13428-013-0403-5},
  urldate = {2025-04-05},
  langid = {english},
  keywords = {Concreteness,Crowdsourcing,Ratings,Word recognition}
}
@article{CamposLIMITATIONS2003,
  title = {Limitations of the Mnemonic-Keyword Method},
  author = {Campos, Alfredo and Gonz{\'a}lez, Mar{\'i}a Angeles and Amor, Angeles},
  year = {2003},
  month = oct,
  journal = {The Journal of General Psychology},
  volume = {130},
  number = {4},
  pages = {399--413},
  issn = {0022-1309},
  doi = {10.1080/00221300309601166},
  langid = {english},
  pmid = {14672102},
  keywords = {Adolescent,Adult,Attention,Child,Female,Humans,Male,Memory Short-Term,Multilingualism,Paired-Associate Learning,Pattern Recognition Visual,Practice Psychological,Psycholinguistics,Retention Psychology,Verbal Learning,Vocabulary}
}

@article{CamposUSING2011,
  title = {Using the {{Keyword Mnemonics Method Among Adult Learners}}},
  author = {Campos, Alfredo and Camino, Estefan{\'i}a and {P{\'e}rez-Fabello}, Mar{\'i}a Jos{\'e}},
  year = {2011},
  month = mar,
  journal = {Educational Gerontology},
  volume = {37},
  number = {4},
  pages = {327--335},
  issn = {0360-1277},
  doi = {10.1080/03601271003608886},
  url = {https://doi.org/10.1080/03601271003608886},
  urldate = {2024-12-10}
}

@article{camposImportanceKeywordGenerationMethod2004a,
  title = {The {{Importance}} of the {{Keyword-Generation Method}} in {{Keyword Mnemonics}}},
  author = {Campos, Alfredo and Amor, Angeles and Gonz{\'a}lez, Mar{\'i}a Angeles},
  year = {2004},
  journal = {Experimental Psychology},
  volume = {51},
  number = {2},
  pages = {125--131},
  publisher = {Hogrefe \& Huber Publishers},
  address = {Germany},
  issn = {2190-5142},
  doi = {10.1027/1618-3169.51.2.125},
  keywords = {Foreign Language Learning,Foreign Languages,Imagery,Mnemonic Learning,Recall (Learning),Vocabulary,Words (Phonetic Units)}
}

@techreport{DeepSeek-AIDEEPSEEKR12025,
  type = {Technical {{Report}}},
  title = {{{DeepSeek-R1}}: {{Incentivizing Reasoning Capability}} in {{LLMs}} via {{Reinforcement Learning}}},
  shorttitle = {{{DeepSeek-R1}}},
  author = {{DeepSeek-AI} and Guo, Daya and Yang, Dejian and Zhang, Haowei and Song, Junxiao and Zhang, Ruoyu and Xu, Runxin and Zhu, Qihao and Ma, Shirong and Wang, Peiyi and Bi, Xiao and Zhang, Xiaokang and Yu, Xingkai and Wu, Yu and Wu, Z. F. and Gou, Zhibin and Shao, Zhihong and Li, Zhuoshu and Gao, Ziyi and Liu, Aixin and Xue, Bing and Wang, Bingxuan and Wu, Bochao and Feng, Bei and Lu, Chengda and Zhao, Chenggang and Deng, Chengqi and Zhang, Chenyu and Ruan, Chong and Dai, Damai and Chen, Deli and Ji, Dongjie and Li, Erhang and Lin, Fangyun and Dai, Fucong and Luo, Fuli and Hao, Guangbo and Chen, Guanting and Li, Guowei and Zhang, H. and Bao, Han and Xu, Hanwei and Wang, Haocheng and Ding, Honghui and Xin, Huajian and Gao, Huazuo and Qu, Hui and Li, Hui and Guo, Jianzhong and Li, Jiashi and Wang, Jiawei and Chen, Jingchang and Yuan, Jingyang and Qiu, Junjie and Li, Junlong and Cai, J. L. and Ni, Jiaqi and Liang, Jian and Chen, Jin and Dong, Kai and Hu, Kai and Gao, Kaige and Guan, Kang and Huang, Kexin and Yu, Kuai and Wang, Lean and Zhang, Lecong and Zhao, Liang and Wang, Litong and Zhang, Liyue and Xu, Lei and Xia, Leyi and Zhang, Mingchuan and Zhang, Minghua and Tang, Minghui and Li, Meng and Wang, Miaojun and Li, Mingming and Tian, Ning and Huang, Panpan and Zhang, Peng and Wang, Qiancheng and Chen, Qinyu and Du, Qiushi and Ge, Ruiqi and Zhang, Ruisong and Pan, Ruizhe and Wang, Runji and Chen, R. J. and Jin, R. L. and Chen, Ruyi and Lu, Shanghao and Zhou, Shangyan and Chen, Shanhuang and Ye, Shengfeng and Wang, Shiyu and Yu, Shuiping and Zhou, Shunfeng and Pan, Shuting and Li, S. S. and Zhou, Shuang and Wu, Shaoqing and Ye, Shengfeng and Yun, Tao and Pei, Tian and Sun, Tianyu and Wang, T. and Zeng, Wangding and Zhao, Wanjia and Liu, Wen and Liang, Wenfeng and Gao, Wenjun and Yu, Wenqin and Zhang, Wentao and Xiao, W. L. and An, Wei and Liu, Xiaodong and Wang, Xiaohan and Chen, Xiaokang and Nie, Xiaotao and Cheng, Xin and Liu, Xin and Xie, Xin and Liu, Xingchao and Yang, Xinyu and Li, Xinyuan and Su, Xuecheng and Lin, Xuheng and Li, X. Q. and Jin, Xiangyue and Shen, Xiaojin and Chen, Xiaosha and Sun, Xiaowen and Wang, Xiaoxiang and Song, Xinnan and Zhou, Xinyi and Wang, Xianzu and Shan, Xinxia and Li, Y. K. and Wang, Y. Q. and Wei, Y. X. and Zhang, Yang and Xu, Yanhong and Li, Yao and Zhao, Yao and Sun, Yaofeng and Wang, Yaohui and Yu, Yi and Zhang, Yichao and Shi, Yifan and Xiong, Yiliang and He, Ying and Piao, Yishi and Wang, Yisong and Tan, Yixuan and Ma, Yiyang and Liu, Yiyuan and Guo, Yongqiang and Ou, Yuan and Wang, Yuduan and Gong, Yue and Zou, Yuheng and He, Yujia and Xiong, Yunfan and Luo, Yuxiang and You, Yuxiang and Liu, Yuxuan and Zhou, Yuyang and Zhu, Y. X. and Xu, Yanhong and Huang, Yanping and Li, Yaohui and Zheng, Yi and Zhu, Yuchen and Ma, Yunxian and Tang, Ying and Zha, Yukun and Yan, Yuting and Ren, Z. Z. and Ren, Zehui and Sha, Zhangli and Fu, Zhe and Xu, Zhean and Xie, Zhenda and Zhang, Zhengyan and Hao, Zhewen and Ma, Zhicheng and Yan, Zhigang and Wu, Zhiyu and Gu, Zihui and Zhu, Zijia and Liu, Zijun and Li, Zilin and Xie, Ziwei and Song, Ziyang and Pan, Zizheng and Huang, Zhen and Xu, Zhipeng and Zhang, Zhongyu and Zhang, Zhen},
  year = {2025},
  month = jan,
  number = {arXiv:2501.12948},
  eprint = {2501.12948},
  primaryclass = {cs},
  institution = {DeepSeek-AI},
  url = {http://arxiv.org/abs/2501.12948},
  urldate = {2025-04-08},
  archiveprefix = {arXiv},
  keywords = {Computer Science - Artificial Intelligence,Computer Science - Computation and Language,Computer Science - Machine Learning}
}

@inproceedings{dettmersQLoRAEfficientFinetuning2023,
  title = {{{QLoRA}}: {{Efficient Finetuning}} of {{Quantized LLMs}}},
  shorttitle = {{{QLoRA}}},
  booktitle = {Thirty-Seventh {{Conference}} on {{Neural Information Processing Systems}}},
  author = {Dettmers, Tim and Pagnoni, Artidoro and Holtzman, Ari and Zettlemoyer, Luke},
  year = {2023},
  month = nov,
  url = {https://openreview.net/forum?id=OUIFPHEgJU\&referrer=\%5Bthe\%20profile\%20of\%20Ari\%20Holtzman\%5D(\%2Fprofile\%3Fid\%3D{\textasciitilde}Ari\_Holtzman1)},
  urldate = {2024-12-13},
  langid = {english}
}

@article{fothMnemonicTechniqueEffectiveness1973,
  title = {Mnemonic Technique Effectiveness as a Function of Word Abstractness and Mediation Instructions},
  author = {Foth, Dennis L.},
  year = {1973},
  month = jun,
  journal = {Journal of Verbal Learning and Verbal Behavior},
  volume = {12},
  number = {3},
  pages = {239--245},
  issn = {0022-5371},
  doi = {10.1016/S0022-5371(73)80068-4},
  url = {https://www.sciencedirect.com/science/article/pii/S0022537173800684},
  urldate = {2024-11-02}
}

@article{gangavarapuUsingEtymologyVocabulary2024,
  title = {Using Etymology as a Vocabulary Learning Approach for Expanding Learners' Vocabulary in {{English}}: {{A}} Psycholinguistic Analysis},
  shorttitle = {Using Etymology as a Vocabulary Learning Approach for Expanding Learners' Vocabulary in {{English}}},
  author = {Gangavarapu, Dr Raja Sekhar},
  year = {2024},
  month = oct,
  journal = {International Journal of Interdisciplinary Cultural Studies, ISSN:2327-008XE-ISSN:2327-2554},
  volume = {19},
  number = {2},
  pages = {170--182},
  issn = {2327-2554},
  doi = {10.18848/1s92nz35},
  url = {https://cgscopus.com/index.php/journals/article/view/78},
  urldate = {2024-11-02},
  langid = {english}
}

@techreport{GemmaTeamGEMMA2025,
  type = {Technical {{Report}}},
  title = {Gemma 3 {{Technical Report}}},
  author = {Gemma Team and Kamath, Aishwarya and Ferret, Johan and Vieillard, Nino and Merhej, Ramona and Perrin, Sarah and Matejovicova, Tatiana and Ram{\'e}, Alexandre and Rivi{\`e}re, Morgane and Rouillard, Louis and Mesnard, Thomas and Cideron, Geoffrey and Grill, Jean-bastien and Ramos, Sabela and Yvinec, Edouard and Casbon, Michelle and Pot, Etienne and Penchev, Ivo and Liu, Ga{\"e}l and Visin, Francesco and Kenealy, Kathleen and Beyer, Lucas and Zhai, Xiaohai and Tsitsulin, Anton and {Busa-Fekete}, Robert and Feng, Alex and Sachdeva, Noveen and Coleman, Benjamin and Gao, Yi and Mustafa, Basil and Barr, Iain and Parisotto, Emilio and Tian, David and Eyal, Matan and Cherry, Colin and Peter, Jan-Thorsten and Sinopalnikov, Danila and Bhupatiraju, Surya and Agarwal, Rishabh and Kazemi, Mehran and Malkin, Dan and Kumar, Ravin and Vilar, David and Brusilovsky, Idan and Luo, Jiaming and Steiner, Andreas and Friesen, Abe and Sharma, Abhanshu and Sharma, Abheesht and Gilady, Adi Mayrav and Goedeckemeyer, Adrian and Saade, Alaa and Feng, Alex and Kolesnikov, Alexander and Bendebury, Alexei and Abdagic, Alvin and Vadi, Amit and Gy{\"o}rgy, Andr{\'a}s and Pinto, Andr{\'e} Susano and Das, Anil and Bapna, Ankur and Miech, Antoine and Yang, Antoine and Paterson, Antonia and Shenoy, Ashish and Chakrabarti, Ayan and Piot, Bilal and Wu, Bo and Shahriari, Bobak and Petrini, Bryce and Chen, Charlie and Lan, Charline Le and {Choquette-Choo}, Christopher A. and Carey, C. J. and Brick, Cormac and Deutsch, Daniel and Eisenbud, Danielle and Cattle, Dee and Cheng, Derek and Paparas, Dimitris and Sreepathihalli, Divyashree Shivakumar and Reid, Doug and Tran, Dustin and Zelle, Dustin and Noland, Eric and Huizenga, Erwin and Kharitonov, Eugene and Liu, Frederick and Amirkhanyan, Gagik and Cameron, Glenn and Hashemi, Hadi and {Klimczak-Pluci{\'n}ska}, Hanna and Singh, Harman and Mehta, Harsh and Lehri, Harshal Tushar and Hazimeh, Hussein and Ballantyne, Ian and Szpektor, Idan and Nardini, Ivan and {Pouget-Abadie}, Jean and Chan, Jetha and Stanton, Joe and Wieting, John and Lai, Jonathan and Orbay, Jordi and Fernandez, Joseph and Newlan, Josh and Ji, Ju-yeong and Singh, Jyotinder and Black, Kat and Yu, Kathy and Hui, Kevin and Vodrahalli, Kiran and Greff, Klaus and Qiu, Linhai and Valentine, Marcella and Coelho, Marina and Ritter, Marvin and Hoffman, Matt and Watson, Matthew and Chaturvedi, Mayank and Moynihan, Michael and Ma, Min and Babar, Nabila and Noy, Natasha and Byrd, Nathan and Roy, Nick and Momchev, Nikola and Chauhan, Nilay and Sachdeva, Noveen and Bunyan, Oskar and Botarda, Pankil and Caron, Paul and Rubenstein, Paul Kishan and Culliton, Phil and Schmid, Philipp and Sessa, Pier Giuseppe and Xu, Pingmei and Stanczyk, Piotr and Tafti, Pouya and Shivanna, Rakesh and Wu, Renjie and Pan, Renke and Rokni, Reza and Willoughby, Rob and Vallu, Rohith and Mullins, Ryan and Jerome, Sammy and Smoot, Sara and Girgin, Sertan and Iqbal, Shariq and Reddy, Shashir and Sheth, Shruti and P{\~o}der, Siim and Bhatnagar, Sijal and Panyam, Sindhu Raghuram and Eiger, Sivan and Zhang, Susan and Liu, Tianqi and Yacovone, Trevor and Liechty, Tyler and Kalra, Uday and Evci, Utku and Misra, Vedant and Roseberry, Vincent and Feinberg, Vlad and Kolesnikov, Vlad and Han, Woohyun and Kwon, Woosuk and Chen, Xi and Chow, Yinlam and Zhu, Yuvein and Wei, Zichuan and Egyed, Zoltan and Cotruta, Victor and Giang, Minh and Kirk, Phoebe and Rao, Anand and Black, Kat and Babar, Nabila and Lo, Jessica and Moreira, Erica and Martins, Luiz Gustavo and Sanseviero, Omar and Gonzalez, Lucas and Gleicher, Zach and Warkentin, Tris and Mirrokni, Vahab and Senter, Evan and Collins, Eli and Barral, Joelle and Ghahramani, Zoubin and Hadsell, Raia and Matias, Yossi and Sculley, D. and Petrov, Slav and Fiedel, Noah and Shazeer, Noam and Vinyals, Oriol and Dean, Jeff and Hassabis, Demis and Kavukcuoglu, Koray and Farabet, Clement and Buchatskaya, Elena and Alayrac, Jean-Baptiste and Anil, Rohan and Dmitry and Lepikhin and Borgeaud, Sebastian and Bachem, Olivier and Joulin, Armand and Andreev, Alek and Hardin, Cassidy and Dadashi, Robert and Hussenot, L{\'e}onard},
  year = {2025},
  month = mar,
  number = {arXiv:2503.19786},
  eprint = {2503.19786},
  primaryclass = {cs},
  institution = {Google DeepMind},
  url = {http://arxiv.org/abs/2503.19786},
  urldate = {2025-04-07},
  archiveprefix = {arXiv},
  keywords = {Computer Science - Artificial Intelligence,Computer Science - Computation and Language}
}

@inproceedings{GonenDEMYSTIFYING2023,
  title = {Demystifying {{Prompts}} in {{Language Models}} via {{Perplexity Estimation}}},
  booktitle = {Findings of the {{Association}} for {{Computational Linguistics}}: {{EMNLP}} 2023},
  author = {Gonen, Hila and Iyer, Srini and Blevins, Terra and Smith, Noah and Zettlemoyer, Luke},
  editor = {Bouamor, Houda and Pino, Juan and Bali, Kalika},
  year = {2023},
  month = dec,
  pages = {10136--10148},
  publisher = {Association for Computational Linguistics},
  address = {Singapore},
  doi = {10.18653/v1/2023.findings-emnlp.679},
  url = {https://aclanthology.org/2023.findings-emnlp.679/},
  urldate = {2025-04-07}
}

@misc{guSurveyLLMasaJudge2025,
  title = {A {{Survey}} on {{LLM-as-a-Judge}}},
  author = {Gu, Jiawei and Jiang, Xuhui and Shi, Zhichao and Tan, Hexiang and Zhai, Xuehao and Xu, Chengjin and Li, Wei and Shen, Yinghan and Ma, Shengjie and Liu, Honghao and Wang, Saizhuo and Zhang, Kun and Wang, Yuanzhuo and Gao, Wen and Ni, Lionel and Guo, Jian},
  year = {2025},
  month = mar,
  number = {arXiv:2411.15594},
  eprint = {2411.15594},
  primaryclass = {cs},
  publisher = {arXiv},
  doi = {10.48550/arXiv.2411.15594},
  url = {http://arxiv.org/abs/2411.15594},
  urldate = {2025-04-02},
  archiveprefix = {arXiv},
  keywords = {Computer Science - Artificial Intelligence,Computer Science - Computation and Language}
}

@misc{hackmannWordImportanceExplains2024,
  title = {Word {{Importance Explains How Prompts Affect Language Model Outputs}}},
  author = {Hackmann, Stefan and Mahmoudian, Haniyeh and Steadman, Mark and Schmidt, Michael},
  year = {2024},
  month = mar,
  number = {arXiv:2403.03028},
  eprint = {2403.03028},
  primaryclass = {cs},
  publisher = {arXiv},
  doi = {10.48550/arXiv.2403.03028},
  url = {http://arxiv.org/abs/2403.03028},
  urldate = {2024-12-08},
  archiveprefix = {arXiv},
  keywords = {Computer Science - Artificial Intelligence,Computer Science - Computation and Language}
}

@article{hollisWhenBestworstBest2018,
  title = {When Is Best-Worst Best? {{A}} Comparison of Best-Worst Scaling, Numeric Estimation, and Rating Scales for Collection of Semantic Norms},
  shorttitle = {When Is Best-Worst Best?},
  author = {Hollis, Geoff and Westbury, Chris},
  year = {2018},
  month = feb,
  journal = {Behavior Research Methods},
  volume = {50},
  number = {1},
  pages = {115--133},
  issn = {1554-3528},
  doi = {10.3758/s13428-017-1009-0},
  url = {https://doi.org/10.3758/s13428-017-1009-0},
  urldate = {2025-04-03},
  langid = {english},
  keywords = {Best-worst scaling,Numeric estimation,Rating scales,Semantic judgment,Semantics}
}

@inproceedings{huLoRALowRankAdaptation2021,
  title = {{{LoRA}}: {{Low-Rank Adaptation}} of {{Large Language Models}}},
  shorttitle = {{{LoRA}}},
  booktitle = {International {{Conference}} on {{Learning Representations}}},
  author = {Hu, Edward J. and Shen, Yelong and Wallis, Phillip and {Allen-Zhu}, Zeyuan and Li, Yuanzhi and Wang, Shean and Wang, Lu and Chen, Weizhu},
  year = {2021},
  month = oct,
  url = {https://openreview.net/forum?id=nZeVKeeFYf9},
  urldate = {2024-12-13},
  langid = {english}
}

@misc{kalajdzievskiRankStabilizationScaling2023,
  title = {A {{Rank Stabilization Scaling Factor}} for {{Fine-Tuning}} with {{LoRA}}},
  author = {Kalajdzievski, Damjan},
  year = {2023},
  month = nov,
  number = {arXiv:2312.03732},
  eprint = {2312.03732},
  primaryclass = {cs},
  publisher = {arXiv},
  doi = {10.48550/arXiv.2312.03732},
  url = {http://arxiv.org/abs/2312.03732},
  urldate = {2024-12-13},
  archiveprefix = {arXiv},
  keywords = {Computer Science - Computation and Language,Computer Science - Machine Learning}
}

@inproceedings{kandpalLargeLanguageModels2023,
  title = {Large {{Language Models Struggle}} to {{Learn Long-Tail Knowledge}}},
  booktitle = {Proceedings of the 40th {{International Conference}} on {{Machine Learning}}},
  author = {Kandpal, Nikhil and Deng, Haikang and Roberts, Adam and Wallace, Eric and Raffel, Colin},
  year = {2023},
  month = jul,
  pages = {15696--15707},
  publisher = {PMLR},
  url = {https://proceedings.mlr.press/v202/kandpal23a.html},
  urldate = {2025-03-01},
  langid = {english}
}

@misc{KhoujaLINGOLYTOO2025,
  title = {{{LINGOLY-TOO}}: {{Disentangling Memorisation}} from {{Reasoning}} with {{Linguistic Templatisation}} and {{Orthographic Obfuscation}}},
  shorttitle = {{{LINGOLY-TOO}}},
  author = {Khouja, Jude and Korgul, Karolina and Hellsten, Simi and Yang, Lingyi and Neacsu, Vlad and Mayne, Harry and Kearns, Ryan and Bean, Andrew and Mahdi, Adam},
  year = {2025},
  month = mar,
  number = {arXiv:2503.02972},
  eprint = {2503.02972},
  primaryclass = {cs},
  publisher = {arXiv},
  doi = {10.48550/arXiv.2503.02972},
  url = {http://arxiv.org/abs/2503.02972},
  urldate = {2025-04-06},
  archiveprefix = {arXiv},
  keywords = {Computer Science - Artificial Intelligence,Computer Science - Computation and Language}
}

@inproceedings{kimPrometheus2Open2024,
  title = {Prometheus 2: {{An Open Source Language Model Specialized}} in {{Evaluating Other Language Models}}},
  shorttitle = {Prometheus 2},
  booktitle = {Proceedings of the 2024 {{Conference}} on {{Empirical Methods}} in {{Natural Language Processing}}},
  author = {Kim, Seungone and Suk, Juyoung and Longpre, Shayne and Lin, Bill Yuchen and Shin, Jamin and Welleck, Sean and Neubig, Graham and Lee, Moontae and Lee, Kyungjae and Seo, Minjoon},
  editor = {{Al-Onaizan}, Yaser and Bansal, Mohit and Chen, Yun-Nung},
  year = {2024},
  month = nov,
  pages = {4334--4353},
  publisher = {Association for Computational Linguistics},
  address = {Miami, Florida, USA},
  doi = {10.18653/v1/2024.emnlp-main.248},
  url = {https://aclanthology.org/2024.emnlp-main.248/},
  urldate = {2025-04-04}
}

@inproceedings{kiritchenkoBestWorstScalingMore2017,
  title = {Best-{{Worst Scaling More Reliable}} than {{Rating Scales}}: {{A Case Study}} on {{Sentiment Intensity Annotation}}},
  shorttitle = {Best-{{Worst Scaling More Reliable}} than {{Rating Scales}}},
  booktitle = {Proceedings of the 55th {{Annual Meeting}} of the {{Association}} for {{Computational Linguistics}} ({{Volume}} 2: {{Short Papers}})},
  author = {Kiritchenko, Svetlana and Mohammad, Saif},
  editor = {Barzilay, Regina and Kan, Min-Yen},
  year = {2017},
  month = jul,
  pages = {465--470},
  publisher = {Association for Computational Linguistics},
  address = {Vancouver, Canada},
  doi = {10.18653/v1/P17-2074},
  url = {https://aclanthology.org/P17-2074/},
  urldate = {2025-04-05}
}

@inproceedings{kojimaLargeLanguageModels2022,
  title = {Large Language Models Are Zero-Shot Reasoners},
  booktitle = {Proceedings of the 36th {{International Conference}} on {{Neural Information Processing Systems}}},
  author = {Kojima, Takeshi and Gu, Shixiang Shane and Reid, Machel and Matsuo, Yutaka and Iwasawa, Yusuke},
  year = {2022},
  month = nov,
  series = {{{NIPS}} '22},
  pages = {22199--22213},
  publisher = {Curran Associates Inc.},
  address = {Red Hook, NY, USA},
  urldate = {2025-04-04},
  isbn = {978-1-7138-7108-8}
}

@article{ledingAdaptiveMemoryAnimacy2019,
  title = {Adaptive Memory: {{Animacy}}, Threat, and Attention in Free Recall},
  shorttitle = {Adaptive Memory},
  author = {Leding, Juliana K.},
  year = {2019},
  month = apr,
  journal = {Memory \& Cognition},
  volume = {47},
  number = {3},
  pages = {383--394},
  issn = {1532-5946},
  doi = {10.3758/s13421-018-0873-x},
  url = {https://doi.org/10.3758/s13421-018-0873-x},
  urldate = {2025-04-05},
  langid = {english},
  keywords = {Animacy,Attention,Episodic memory,Survival advantage,Threat}
}

@inproceedings{LeeEXPLORING2024,
  title = {Exploring {{Automated Keyword Mnemonics Generation}} with {{Large Language Models}} via {{Overgenerate-and-Rank}}},
  booktitle = {Findings of the {{Association}} for {{Computational Linguistics}}: {{EMNLP}} 2024},
  author = {Lee, Jaewook and McNichols, Hunter and Lan, Andrew},
  editor = {{Al-Onaizan}, Yaser and Bansal, Mohit and Chen, Yun-Nung},
  year = {2024},
  month = nov,
  pages = {5521--5542},
  publisher = {Association for Computational Linguistics},
  address = {Miami, Florida, USA},
  doi = {10.18653/v1/2024.findings-emnlp.316},
  url = {https://aclanthology.org/2024.findings-emnlp.316/},
  urldate = {2025-04-06}
}

@inproceedings{LeeSMARTPHONE2023,
  title = {{{SmartPhone}}: {{Exploring Keyword Mnemonic}} with~{{Auto-generated Verbal}} and~{{Visual Cues}}},
  shorttitle = {{{SmartPhone}}},
  booktitle = {Artificial {{Intelligence}} in {{Education}}: 24th {{International Conference}}, {{AIED}} 2023, {{Tokyo}}, {{Japan}}, {{July}} 3--7, 2023, {{Proceedings}}},
  author = {Lee, Jaewook and Lan, Andrew},
  year = {2023},
  month = jul,
  pages = {16--27},
  publisher = {Springer-Verlag},
  address = {Berlin, Heidelberg},
  doi = {10.1007/978-3-031-36272-9_2},
  url = {https://doi.org/10.1007/978-3-031-36272-9\_2},
  urldate = {2025-04-07},
  isbn = {978-3-031-36271-2}
}

@article{lonesHowAvoidMachine2024,
  title = {How to Avoid Machine Learning Pitfalls: A Guide for Academic Researchers},
  shorttitle = {How to Avoid Machine Learning Pitfalls},
  author = {Lones, Michael A.},
  year = {2024},
  month = oct,
  journal = {Patterns},
  volume = {5},
  number = {10},
  eprint = {2108.02497},
  primaryclass = {cs},
  pages = {101046},
  issn = {26663899},
  doi = {10.1016/j.patter.2024.101046},
  url = {http://arxiv.org/abs/2108.02497},
  urldate = {2024-12-07},
  archiveprefix = {arXiv},
  keywords = {Computer Science - Machine Learning}
}

@inproceedings{longLLMsDrivenSyntheticData2024b,
  title = {On {{LLMs-Driven Synthetic Data Generation}}, {{Curation}}, and {{Evaluation}}: {{A Survey}}},
  shorttitle = {On {{LLMs-Driven Synthetic Data Generation}}, {{Curation}}, and {{Evaluation}}},
  booktitle = {Findings of the {{Association}} for {{Computational Linguistics}}: {{ACL}} 2024},
  author = {Long, Lin and Wang, Rui and Xiao, Ruixuan and Zhao, Junbo and Ding, Xiao and Chen, Gang and Wang, Haobo},
  editor = {Ku, Lun-Wei and Martins, Andre and Srikumar, Vivek},
  year = {2024},
  month = aug,
  pages = {11065--11082},
  publisher = {Association for Computational Linguistics},
  address = {Bangkok, Thailand},
  doi = {10.18653/v1/2024.findings-acl.658},
  url = {https://aclanthology.org/2024.findings-acl.658/},
  urldate = {2025-04-04}
}

@inproceedings{luExplorationMnemonicsESL2015,
  title = {Exploration of {{Mnemonics}} for {{ESL}}/{{EFL Vocabulary}}: {{Employing}} the {{Depth}} and {{Elaboration}} of {{Processing Theory}}.},
  shorttitle = {Exploration of {{Mnemonics}} for {{ESL}}/{{EFL Vocabulary}}},
  author = {Lu, Wenpeng and Young, B.},
  year = {2015},
  url = {https://www.semanticscholar.org/paper/Exploration-of-Mnemonics-for-ESL-EFL-Vocabulary\%3A-of-Lv-Young/78a75e3f742c6eb89c639cf402822ff5af6c12ea},
  urldate = {2024-11-02}
}

@article{madanExploringWordMemorability2021,
  title = {Exploring Word Memorability: {{How}} Well Do Different Word Properties Explain Item Free-Recall Probability?},
  shorttitle = {Exploring Word Memorability},
  author = {Madan, Christopher R.},
  year = {2021},
  month = apr,
  journal = {Psychonomic Bulletin \& Review},
  volume = {28},
  number = {2},
  pages = {583--595},
  issn = {1531-5320},
  doi = {10.3758/s13423-020-01820-w},
  url = {https://doi.org/10.3758/s13423-020-01820-w},
  urldate = {2025-04-05},
  langid = {english},
  keywords = {Animacy,Episodic memory,Semantic properties,Usefulness,Verbal memory}
}

@inproceedings{MishraREFRAMING2022,
  title = {Reframing {{Instructional Prompts}} to {{GPTk}}`s {{Language}}},
  booktitle = {Findings of the {{Association}} for {{Computational Linguistics}}: {{ACL}} 2022},
  author = {Mishra, Swaroop and Khashabi, Daniel and Baral, Chitta and Choi, Yejin and Hajishirzi, Hannaneh},
  editor = {Muresan, Smaranda and Nakov, Preslav and Villavicencio, Aline},
  year = {2022},
  month = may,
  pages = {589--612},
  publisher = {Association for Computational Linguistics},
  address = {Dublin, Ireland},
  doi = {10.18653/v1/2022.findings-acl.50},
  url = {https://aclanthology.org/2022.findings-acl.50/},
  urldate = {2025-04-07}
}

@misc{openthoughtsteamOpenThoughts2025,
  title = {Open {{Thoughts}}},
  author = {{Open Thoughts Team}},
  year = {2025},
  month = jan,
  url = {https://github.com/open-thoughts/open-thoughts/tree/main},
  urldate = {2025-04-02}
}

@inproceedings{OzbalAUTOMATION2014,
  title = {Automation and {{Evaluation}} of the {{Keyword Method}} for {{Second Language Learning}}},
  booktitle = {Proceedings of the 52nd {{Annual Meeting}} of the {{Association}} for {{Computational Linguistics}} ({{Volume}} 2: {{Short Papers}})},
  author = {{\"O}zbal, G{\"o}zde and Pighin, Daniele and Strapparava, Carlo},
  editor = {Toutanova, Kristina and Wu, Hua},
  year = {2014},
  month = jun,
  pages = {352--357},
  publisher = {Association for Computational Linguistics},
  address = {Baltimore, Maryland},
  doi = {10.3115/v1/P14-2058},
  url = {https://aclanthology.org/P14-2058/},
  urldate = {2025-04-07}
}

@article{panicksseryLLMEvaluatorsRecognize2024,
  title = {{{LLM Evaluators Recognize}} and {{Favor Their Own Generations}}},
  author = {Panickssery, Arjun and Bowman, Samuel R. and Feng, Shi},
  year = {2024},
  month = dec,
  journal = {Advances in Neural Information Processing Systems},
  volume = {37},
  pages = {68772--68802},
  url = {https://proceedings.neurips.cc/paper\_files/paper/2024/hash/7f1f0218e45f5414c79c0679633e47bc-Abstract-Conference.html},
  urldate = {2025-04-05},
  langid = {english}
}

@article{piersonUsingEtymologyClassroom1989,
  title = {Using Etymology in the Classroom},
  author = {Pierson, Herbert D.},
  year = {1989},
  month = jan,
  journal = {ELT Journal},
  volume = {43},
  number = {1},
  pages = {57--63},
  issn = {0951-0893},
  doi = {10.1093/elt/43.1.57},
  url = {https://doi.org/10.1093/elt/43.1.57},
  urldate = {2024-11-02}
}

@article{PintrichROLE2002,
  title = {The {{Role}} of {{Metacognitive Knowledge}} in {{Learning}}, {{Teaching}}, and {{Assessing}}},
  author = {Pintrich, Paul R.},
  year = {2002},
  month = nov,
  journal = {Theory Into Practice},
  volume = {41},
  number = {4},
  pages = {219--225},
  issn = {0040-5841, 1543-0421},
  doi = {10.1207/s15430421tip4104_3},
  url = {https://www.tandfonline.com/doi/full/10.1207/s15430421tip4104\_3},
  urldate = {2025-04-07},
  langid = {english}
}

@article{pressleyMnemonicKeywordMethod1982,
  title = {The {{Mnemonic Keyword Method}}},
  author = {Pressley, Michael and Levin, Joel R. and Delaney, Harold D.},
  year = {1982},
  month = mar,
  journal = {Review of Educational Research},
  volume = {52},
  number = {1},
  pages = {61--91},
  publisher = {American Educational Research Association},
  issn = {0034-6543},
  doi = {10.3102/00346543052001061},
  url = {https://doi.org/10.3102/00346543052001061},
  urldate = {2024-11-01},
  langid = {english}
}

@misc{RamjiINDUCTIVE2024,
  title = {Inductive {{Linguistic Reasoning}} with {{Large Language Models}}},
  author = {Ramji, Raghav and Ramji, Keshav},
  year = {2024},
  month = dec,
  number = {arXiv:2412.17819},
  eprint = {2412.17819},
  primaryclass = {cs},
  publisher = {arXiv},
  doi = {10.48550/arXiv.2412.17819},
  url = {http://arxiv.org/abs/2412.17819},
  urldate = {2025-04-06},
  archiveprefix = {arXiv},
  keywords = {Computer Science - Artificial Intelligence,Computer Science - Computation and Language}
}

@article{rankinAgePresentationRate1983,
  title = {Age, {{Presentation Rate}}, and the {{Effectiveness}} of {{Structural}} and {{Semantic Recall Cues}}},
  author = {Rankin, Jane L. and Hinrichs, James V.},
  year = {1983},
  month = sep,
  journal = {Journal of Gerontology},
  volume = {38},
  number = {5},
  pages = {593--596},
  issn = {0022-1422},
  doi = {10.1093/geronj/38.5.593},
  url = {https://doi.org/10.1093/geronj/38.5.593},
  urldate = {2024-12-14}
}

@inproceedings{samardzicMeasureTransparentComparison2024,
  title = {A {{Measure}} for {{Transparent Comparison}} of {{Linguistic Diversity}} in {{Multilingual NLP Data Sets}}},
  booktitle = {Findings of the {{Association}} for {{Computational Linguistics}}: {{NAACL}} 2024},
  author = {Samardzic, Tanja and Gutierrez, Ximena and Bentz, Christian and Moran, Steven and Pelloni, Olga},
  editor = {Duh, Kevin and Gomez, Helena and Bethard, Steven},
  year = {2024},
  month = jun,
  pages = {3367--3382},
  publisher = {Association for Computational Linguistics},
  address = {Mexico City, Mexico},
  doi = {10.18653/v1/2024.findings-naacl.213},
  url = {https://aclanthology.org/2024.findings-naacl.213},
  urldate = {2024-12-13}
}

@inproceedings{savvaTransPhonerAutomatedMnemonic2014,
  title = {{{TransPhoner}}: Automated Mnemonic Keyword Generation},
  shorttitle = {{{TransPhoner}}},
  booktitle = {Proceedings of the {{SIGCHI Conference}} on {{Human Factors}} in {{Computing Systems}}},
  author = {Savva, Manolis and Chang, Angel X. and Manning, Christopher D. and Hanrahan, Pat},
  year = {2014},
  month = apr,
  pages = {3725--3734},
  publisher = {ACM},
  address = {Toronto Ontario Canada},
  doi = {10.1145/2556288.2556985},
  url = {https://dl.acm.org/doi/10.1145/2556288.2556985},
  urldate = {2024-11-01},
  isbn = {978-1-4503-2473-1},
  langid = {english}
}

@inproceedings{sunHeadtoTailHowKnowledgeable2024,
  title = {Head-to-{{Tail}}: {{How Knowledgeable}} Are {{Large Language Models}} ({{LLMs}})? {{A}}.{{K}}.{{A}}. {{Will LLMs Replace Knowledge Graphs}}?},
  shorttitle = {Head-to-{{Tail}}},
  booktitle = {Proceedings of the 2024 {{Conference}} of the {{North American Chapter}} of the {{Association}} for {{Computational Linguistics}}: {{Human Language Technologies}} ({{Volume}} 1: {{Long Papers}})},
  author = {Sun, Kai and Xu, Yifan and Zha, Hanwen and Liu, Yue and Dong, Xin Luna},
  editor = {Duh, Kevin and Gomez, Helena and Bethard, Steven},
  year = {2024},
  month = jun,
  pages = {311--325},
  publisher = {Association for Computational Linguistics},
  address = {Mexico City, Mexico},
  doi = {10.18653/v1/2024.naacl-long.18},
  url = {https://aclanthology.org/2024.naacl-long.18/},
  urldate = {2025-03-01}
}

@inproceedings{suvarnaPhonologyBenchEvaluatingPhonological2024,
  title = {{{PhonologyBench}}: {{Evaluating Phonological Skills}} of {{Large Language Models}}},
  shorttitle = {{{PhonologyBench}}},
  booktitle = {Proceedings of the 1st {{Workshop}} on {{Towards Knowledgeable Language Models}} ({{KnowLLM}} 2024)},
  author = {Suvarna, Ashima and Khandelwal, Harshita and Peng, Nanyun},
  editor = {Li, Sha and Li, Manling and Zhang, Michael JQ and Choi, Eunsol and Geva, Mor and Hase, Peter and Ji, Heng},
  year = {2024},
  month = aug,
  pages = {1--14},
  publisher = {Association for Computational Linguistics},
  address = {Bangkok, Thailand},
  doi = {10.18653/v1/2024.knowllm-1.1},
  url = {https://aclanthology.org/2024.knowllm-1.1/},
  urldate = {2025-04-03}
}

@inproceedings{tevetEvaluatingEvaluationDiversity2021a,
  title = {Evaluating the {{Evaluation}} of {{Diversity}} in {{Natural Language Generation}}},
  booktitle = {Proceedings of the 16th {{Conference}} of the {{European Chapter}} of the {{Association}} for {{Computational Linguistics}}: {{Main Volume}}},
  author = {Tevet, Guy and Berant, Jonathan},
  editor = {Merlo, Paola and Tiedemann, Jorg and Tsarfaty, Reut},
  year = {2021},
  month = apr,
  pages = {326--346},
  publisher = {Association for Computational Linguistics},
  address = {Online},
  doi = {10.18653/v1/2021.eacl-main.25},
  url = {https://aclanthology.org/2021.eacl-main.25/},
  urldate = {2025-04-05}
}

@article{tsengBestPracticesManaging2020,
  title = {Best {{Practices}} for {{Managing Data Annotation Projects}}},
  author = {Tseng, Tina and Stent, Amanda and Maida, Domenic},
  year = {2020},
  eprint = {2009.11654},
  primaryclass = {cs},
  doi = {10.13140/RG.2.2.34497.58727},
  url = {http://arxiv.org/abs/2009.11654},
  urldate = {2024-12-08},
  archiveprefix = {arXiv},
  keywords = {Computer Science - Computers and Society,Computer Science - Social and Information Networks}
}

@article{vanhellKeywordMnemonicsRote1997,
  title = {Keyword {{Mnemonics Versus Rote Rehearsal}}: {{Learning Concrete}} and {{Abstract Foreign Words}} by {{Experienced}} and {{Inexperienced Learners}}},
  shorttitle = {Keyword {{Mnemonics Versus Rote Rehearsal}}},
  author = {{van Hell}, Janet G. and Mahn, Andrea Candia},
  year = {1997},
  journal = {Language Learning},
  volume = {47},
  number = {3},
  pages = {507--546},
  issn = {1467-9922},
  doi = {10.1111/0023-8333.00018},
  url = {https://onlinelibrary.wiley.com/doi/abs/10.1111/0023-8333.00018},
  urldate = {2024-11-01},
  copyright = {{\copyright} 1997 Language Learning Research Club, University of Michigan},
  langid = {english}
}

@article{waldisHolmesBenchmarkAssess2024a,
  title = {Holmes {$\recorder$} {{A Benchmark}} to {{Assess}} the {{Linguistic Competence}} of {{Language Models}}},
  author = {Waldis, Andreas and Perlitz, Yotam and Choshen, Leshem and Hou, Yufang and Gurevych, Iryna},
  year = {2024},
  month = dec,
  journal = {Transactions of the Association for Computational Linguistics},
  volume = {12},
  pages = {1616--1647},
  issn = {2307-387X},
  doi = {10.1162/tacl_a_00718},
  url = {https://direct.mit.edu/tacl/article/doi/10.1162/tacl\_a\_00718/125534/Holmes-A-Benchmark-to-Assess-the-Linguistic},
  urldate = {2025-04-05},
  langid = {english}
}

@article{wangKeywordMnemonicRetention1992,
  title = {Keyword Mnemonic and Retention of Second-Language Vocabulary Words},
  author = {Wang, Alvin Y. and Thomas, Margaret H. and Ouellette, Judith A.},
  year = {1992},
  journal = {Journal of Educational Psychology},
  volume = {84},
  number = {4},
  pages = {520--528},
  publisher = {American Psychological Association},
  address = {US},
  issn = {1939-2176},
  doi = {10.1037/0022-0663.84.4.520},
  keywords = {Foreign Language Learning,Learning Rate,Mnemonic Learning,Recall (Learning)}
}

@inproceedings{wangLargeLanguageModels2024,
  title = {Large {{Language Models}} Are Not {{Fair Evaluators}}},
  booktitle = {Proceedings of the 62nd {{Annual Meeting}} of the {{Association}} for {{Computational Linguistics}} ({{Volume}} 1: {{Long Papers}})},
  author = {Wang, Peiyi and Li, Lei and Chen, Liang and Cai, Zefan and Zhu, Dawei and Lin, Binghuai and Cao, Yunbo and Kong, Lingpeng and Liu, Qi and Liu, Tianyu and Sui, Zhifang},
  editor = {Ku, Lun-Wei and Martins, Andre and Srikumar, Vivek},
  year = {2024},
  month = aug,
  pages = {9440--9450},
  publisher = {Association for Computational Linguistics},
  address = {Bangkok, Thailand},
  doi = {10.18653/v1/2024.acl-long.511},
  url = {https://aclanthology.org/2024.acl-long.511/},
  urldate = {2025-04-04}
}

@misc{weiChainofThoughtPromptingElicits2023,
  title = {Chain-of-{{Thought Prompting Elicits Reasoning}} in {{Large Language Models}}},
  author = {Wei, Jason and Wang, Xuezhi and Schuurmans, Dale and Bosma, Maarten and Ichter, Brian and Xia, Fei and Chi, Ed and Le, Quoc and Zhou, Denny},
  year = {2023},
  month = jan,
  number = {arXiv:2201.11903},
  eprint = {2201.11903},
  primaryclass = {cs},
  publisher = {arXiv},
  doi = {10.48550/arXiv.2201.11903},
  url = {http://arxiv.org/abs/2201.11903},
  urldate = {2025-04-04},
  archiveprefix = {arXiv},
  keywords = {Computer Science - Artificial Intelligence,Computer Science - Computation and Language}
}

@misc{xuChainDraftThinking2025,
  title = {Chain of {{Draft}}: {{Thinking Faster}} by {{Writing Less}}},
  shorttitle = {Chain of {{Draft}}},
  author = {Xu, Silei and Xie, Wenhao and Zhao, Lingxiao and He, Pengcheng},
  year = {2025},
  month = mar,
  number = {arXiv:2502.18600},
  eprint = {2502.18600},
  primaryclass = {cs},
  publisher = {arXiv},
  doi = {10.48550/arXiv.2502.18600},
  url = {http://arxiv.org/abs/2502.18600},
  urldate = {2025-04-04},
  archiveprefix = {arXiv},
  keywords = {Computer Science - Computation and Language}
}

@misc{XuPARAMETEREFFICIENT2023,
  title = {Parameter-{{Efficient Fine-Tuning Methods}} for {{Pretrained Language Models}}: {{A Critical Review}} and {{Assessment}}},
  shorttitle = {Parameter-{{Efficient Fine-Tuning Methods}} for {{Pretrained Language Models}}},
  author = {Xu, Lingling and Xie, Haoran and Qin, Si-Zhao Joe and Tao, Xiaohui and Wang, Fu Lee},
  year = {2023},
  month = dec,
  number = {arXiv:2312.12148},
  eprint = {2312.12148},
  primaryclass = {cs},
  publisher = {arXiv},
  doi = {10.48550/arXiv.2312.12148},
  url = {http://arxiv.org/abs/2312.12148},
  urldate = {2025-04-08},
  archiveprefix = {arXiv},
  keywords = {Computer Science - Computation and Language}
}

@inproceedings{yinDidYouRead2023,
  title = {Did {{You Read}} the {{Instructions}}? {{Rethinking}} the {{Effectiveness}} of {{Task Definitions}} in {{Instruction Learning}}},
  shorttitle = {Did {{You Read}} the {{Instructions}}?},
  booktitle = {Proceedings of the 61st {{Annual Meeting}} of the {{Association}} for {{Computational Linguistics}} ({{Volume}} 1: {{Long Papers}})},
  author = {Yin, Fan and Vig, Jesse and Laban, Philippe and Joty, Shafiq and Xiong, Caiming and Wu, Chien-Sheng},
  editor = {Rogers, Anna and {Boyd-Graber}, Jordan and Okazaki, Naoaki},
  year = {2023},
  month = jul,
  pages = {3063--3079},
  publisher = {Association for Computational Linguistics},
  address = {Toronto, Canada},
  doi = {10.18653/v1/2023.acl-long.172},
  url = {https://aclanthology.org/2023.acl-long.172/},
  urldate = {2025-04-05}
}

@article{zhangApplicationEtymologySemantic2013,
  title = {Application of {{Etymology}} and {{Semantic Field Theory}} for {{Second Language Acquisition}}},
  author = {Zhang, Jie},
  year = {2013},
  month = nov,
  journal = {US-China Foreign Language},
  volume = {11},
  number = {11},
  pages = {834--839},
  issn = {15398080, 15398080},
  doi = {10.17265/1539-8080/2013.11.003},
  url = {http://www.davidpublisher.com/index.php/Home/Article/index?id=5996.html},
  urldate = {2024-11-01},
  langid = {english}
}

@inproceedings{zhengJudgingLLMasajudgeMTbench2023,
  title = {Judging {{LLM-as-a-judge}} with {{MT-bench}} and {{Chatbot Arena}}},
  booktitle = {Proceedings of the 37th {{International Conference}} on {{Neural Information Processing Systems}}},
  author = {Zheng, Lianmin and Chiang, Wei-Lin and Sheng, Ying and Zhuang, Siyuan and Wu, Zhanghao and Zhuang, Yonghao and Lin, Zi and Li, Zhuohan and Li, Dacheng and Xing, Eric P. and Zhang, Hao and Gonzalez, Joseph E. and Stoica, Ion},
  year = {2023},
  month = dec,
  series = {{{NIPS}} '23},
  pages = {46595--46623},
  publisher = {Curran Associates Inc.},
  address = {Red Hook, NY, USA},
  urldate = {2025-04-05}
}
